<?xml version="1.0" encoding="UTF-8"?><collection xmlns="http://www.loc.gov/MARC21/slim"><record><leader>00398nam--2200145-i-4500</leader><controlfield tag="001">000000985</controlfield><controlfield tag="002">20161230</controlfield><controlfield tag="005">20161230201024</controlfield><controlfield tag="008">060222s1000------------r-----000-0-eng-d</controlfield><datafield ind1=" " ind2=" " tag="080"><subfield code="a">666.1:539.4</subfield></datafield><datafield ind1=" " ind2=" " tag="100"><subfield code="a">Glass Iii</subfield></datafield><datafield ind1=" " ind2=" " tag="260"><subfield code="a">New York, Academic Press, 1982. Xi + 320 P</subfield></datafield><datafield ind1=" " ind2=" " tag="490"><subfield code="a">Treatise On Matherials Science And Technology</subfield></datafield><datafield ind1=" " ind2=" " tag="700"><subfield code="a">Minoru Tomozawa., Doremus,Robert. H</subfield></datafield><datafield ind1=" " ind2=" " tag="852"><subfield code="a">41658</subfield></datafield></record></collection>